<?xml version="1.0" encoding="UTF-8"?><collection xmlns="http://www.loc.gov/MARC21/slim"><record><leader>00316nam--2200121-i-4500</leader><controlfield tag="001">000016650</controlfield><controlfield tag="002">20161230</controlfield><controlfield tag="005">20161230201031</controlfield><controlfield tag="008">060222s1000------------r-----000-0-eng-d</controlfield><datafield ind1=" " ind2=" " tag="080"><subfield code="a">061.62(430.1):001.897:53</subfield></datafield><datafield ind1=" " ind2=" " tag="245"><subfield code="a">Jahresbericht. annual report 1991</subfield></datafield><datafield ind1=" " ind2=" " tag="260"><subfield code="a">Julich, Forschungszentrum, 1991, 198p</subfield></datafield><datafield ind1=" " ind2=" " tag="852"><subfield code="a">72225</subfield></datafield></record></collection>